@article{blatt1997data,
  title={Data clustering using a model granular magnet},
  author={Blatt, Marcelo and Wiseman, Shai and Domany, Eytan},
  journal={Neural Computation},
  volume={9},
  number={8},
  pages={1805--1842},
  year={1997},
  publisher={MIT Press}
}